%% This BibTeX bibliography file was created using BibDesk.
%% http://bibdesk.sourceforge.net/

%% Created for Lauro Cesar Araujo at 2013-04-05 08:03:49 -0300 


%% Saved with string encoding Unicode (UTF-8) 

\begin{filecontents*}{\jobname.bib}
@online{content,
author = {Craig M. Hales, M.D., Margaret D. Carroll, M.S.P.H., Cheryl D. Fryar, M.S.P.H., and Cynthia L. Ogden, Ph.D.},
title = {Prevalence of Obesity and Severe Obesity Among Adults: United States, 2017–2018},
year = {2020},
url = {https://www.cdc.gov/nchs/products/databriefs/db360.htm},
urldate = {2020-02-27},
note = {NCHS Data Brief No. 360}
}

@misc{Pedro,
author = {Henrique, Pedro},
title = {IMERSÃO EM PROFUNDIDADE - UM DIA NA VIDA
DE PEDRO HENRIQUE},
year = {2023},
note = {Pedro Henrique preferiu não se identificar.}
}

@misc{figura1,
author = {NCHS, National Health and Nutrition Examination Survey},
title = {Prevalence of obesity among adults aged 20 and over, by sex and age: United States, 2017–2018},
year = {2017},
url = {https://www.cdc.gov/nchs/images/databriefs/351-400/db360-fig1.png},
urldate = {2020-02-27},
note = {Estimates for adults aged 20 and over were age adjusted by the direct method to the 2000 U.S. Census population using the age groups 20–39, 40–59, and 60 and over. Crude estimates are 42.5\% for total, 43.0\% for men, and 42.1\% for women. }
}

\end{filecontents*}