%% This BibTeX bibliography file was created using BibDesk.
%% http://bibdesk.sourceforge.net/

%% Created for Lauro Cesar Araujo at 2013-04-05 08:03:49 -0300 


%% Saved with string encoding Unicode (UTF-8) 

@misc{imagem1,
  author = {SEBRAE},
  title = {LIVRO: Como elaborar um plano de neg칩cio, FIGURA 1: Estudo dos Concorrentes},
  year = {2022},
  note = {P치ginas 41-43. Acessado em: {25 de setembro de 2022}}
}

@misc{imagem2,
  author = {SEBRAE},
  title = {LIVRO: Como elaborar um plano de neg칩cio, FIGURA 2: Estudo dos Fornecedores},
  year = {2022},
  note = {P치ginas 44-47. Acessado em: {25 de setembro de 2022}}
}