%% This BibTeX bibliography file was created using BibDesk.
%% http://bibdesk.sourceforge.net/

%% Created for Lauro Cesar Araujo at 2013-04-05 08:03:49 -0300 


%% Saved with string encoding Unicode (UTF-8) 

@misc{nucleo-linux,
  author = {Deitel Choffnes},
  title = {LIVRO SISTEMAS OPERACIONAIS 3º EDIÇÃO, Cap 20.4 Arquitetura do núcleo, pg 610 },
  year = {2005},
  note = {Acessado em: {26 de outubro de 2022.}}
}

@misc{processos-linux,
  author = {Deitel Choffnes},
  title = {LIVRO SISTEMAS OPERACIONAIS 3º EDIÇÃO, Cap 20.5 Gerenciamento de processo, pg 613 },
  year = {2005},
  note = {Acessado em: {26 de outubro de 2022.}}
}

@misc{processos2-linux,
  author = {Deitel Choffnes},
  title = {LIVRO SISTEMAS OPERACIONAIS 3º EDIÇÃO, Cap 20.5.2 Escalonamento de processo, pg 615 },
  year = {2005},
  note = {Acessado em: {26 de outubro de 2022.}}
}