%% This BibTeX bibliography file was created using BibDesk.
%% http://bibdesk.sourceforge.net/

%% Created for Lauro Cesar Araujo at 2013-04-05 08:03:49 -0300 


%% Saved with string encoding Unicode (UTF-8) 

@misc{imagem1,
  author = {Igor Carmona},
  title = {FIGURA 1 - (Adaptação Igor Carmona) - Responde Aí: Definindo funções recursivas - Exemplo: Algoritmo recursivo de números pares},
  year = {2022},
  note = {Acessado em: {22 de setembro de 2022.}}
}

@misc{imagem2,
  author = {André Backes},
  title = {FIGURA 2 - Programação Descomplicada (Linguagem C) - Aula 51 - Recursão: Definição - Exemplo: forma genérica de código recursivo do fatorial},
  year = {2012},
  note = {Disponível em: \url{https://youtu.be/FH5lCr-RVWE}. Acessado em: {15 de setembro de 2022.}}
}

@misc{imagem3,
  author = {André Backes},
  title = {FIGURA 3 - Programação Descomplicada (Linguagem C) - Aula 51 - Recursão: Definição - Exemplo: Forma genérica fatorial},
  year = {2012},
  note = {Disponível em: \url{https://youtu.be/FH5lCr-RVWE}. Acessado em: {15 de setembro de 2022.}}
}

@misc{imagem4,
  author = {André Backes},
  title = {FIGURA 4 - Programação Descomplicada (Estrutura de Dados) - Aula 69 - Árvore binária: Definição - Exemplo: representação em grafo da definição de árvore binária},
  year = {2012},
  note = {Disponível em: \url{https://youtu.be/9WxCeWX9qDs}. Acessado em: {27 de setembro de 2022.}}
}

@misc{imagem5,
  author = {André Backes},
  title = {FIGURA 5 - (Adaptação Igor Carmona) - Programação Descomplicada (Estrutura de Dados) - Aula 69 - Árvore binária: Definição - Exemplo: representação em grafos de árvore estritamente binária},
  year = {2012},
  note = {Disponível em: \url{https://youtu.be/9WxCeWX9qDs}. Acessado em: {27 de setembro de 2022.}}
}

@misc{imagem6,
  author = {André Backes},
  title = {FIGURA 6 - (Adaptação Igor Carmona) - Programação Descomplicada (Estrutura de Dados) - Aula 69 - Árvore binária: Definição - Exemplo: representação em grafos de árvore binária completa},
  year = {2012},
  note = {Disponível em: \url{https://youtu.be/9WxCeWX9qDs}. Acessado em: {27 de setembro de 2022.}}
}