%% This BibTeX bibliography file was created using BibDesk.
%% http://bibdesk.sourceforge.net/

%% Created for Lauro Cesar Araujo at 2013-04-05 08:03:49 -0300 


%% Saved with string encoding Unicode (UTF-8) 

\begin{filecontents*}{\jobname.bib}
@misc{imagem1,
author = {CARMONA, Igor},
title = {Responde Aí: Definindo funções recursivas - Exemplo: Algoritmo recursivo de números pares},
year = {2022},
url = {https://respondeai.com.br/conteudo/definindo-funcoes-recursivas-exemplo-algoritmo-recursivo-de-numeros-pares},
urldate = {2022-09-22},
note = {Adaptação Igor Carmona}
}

@online{imagem2,
author = {BACKES, André},
title = {Programação Descomplicada (Linguagem C) - Aula 51 - Recursão: Definição - Exemplo: forma genérica de código recursivo do fatorial},
year = {2012},
url = {https://youtu.be/FH5lCr-RVWE},
urldate = {2022-09-15},
note = {Disponível em:}
}

@online{imagem3,
author = {Backes, André},
title = {FIGURA 3 - Programação Descomplicada (Linguagem C) - Aula 51 - Recursão: Definição - Exemplo: Forma genérica fatorial},
year = {2012},
howpublished = {\url{https://youtu.be/FH5lCr-RVWE}},
note = {Acessado em: 15 de setembro de 2022.}
}

@online{imagem4,
author = {Backes, André},
title = {FIGURA 4 - Programação Descomplicada (Estrutura de Dados) - Aula 69 - Árvore binária: Definição - Exemplo: representação em grafo da definição de árvore binária},
year = {2012},
howpublished = {\url{https://youtu.be/9WxCeWX9qDs}},
note = {Acessado em: 27 de setembro de 2022.}
}

@online{imagem5,
  author = {BACKES, André},
  title = {FIGURA 5 - (Adaptação Igor Carmona) - Programação Descomplicada (Estrutura de Dados) - Aula 69 - Árvore binária: Definição - Exemplo: representação em grafos de árvore estritamente binária},
  year = {2012},
  url = {https://youtu.be/9WxCeWX9qDs},
  urldate = {2022-09-27},
  note = {Adaptação de Igor Carmona.}
}

@online{imagem6,
  author = {BACKES, André},
  title = {FIGURA 6 - (Adaptação Igor Carmona) - Programação Descomplicada (Estrutura de Dados) - Aula 69 - Árvore binária: Definição - Exemplo: representação em grafos de árvore binária completa},
  year = {2012},
  url = {https://youtu.be/9WxCeWX9qDs},
  urldate = {2022-09-27},
  note = {Adaptação de Igor Carmona.}
}

\end{filecontents*}